<?xml version="1.0" encoding="UTF-8"?><collection xmlns="http://www.loc.gov/MARC21/slim"><record><leader>00584nam--2200181-i-4500</leader><controlfield tag="001">000014040</controlfield><controlfield tag="002">20161230</controlfield><controlfield tag="005">20161230201030</controlfield><controlfield tag="008">060222s1000------------r-----000-0-fre-d</controlfield><datafield ind1=" " ind2=" " tag="040"><subfield code="a">IFIN-HH</subfield></datafield><datafield ind1=" " ind2=" " tag="041"><subfield code="a">fre</subfield></datafield><datafield ind1=" " ind2=" " tag="080"><subfield code="a">539.1.074.822.3(043)</subfield></datafield><datafield ind1="1" ind2=" " tag="100"><subfield code="a">Diop, Anta</subfield></datafield><datafield ind1="1" ind2="0" tag="245"><subfield code="a">Contribution a l'etude du comportament d'un absorbeur et a l'etude d'une chambre proportionnelle a fils devant supporter un haut flux de particules</subfield><subfield code="b">These</subfield><subfield code="c">Anta diop</subfield></datafield><datafield ind1=" " ind2=" " tag="260"><subfield code="a">Paris, , 1979</subfield><subfield code="b">Universite De Paris</subfield><subfield code="c">1979</subfield></datafield><datafield ind1=" " ind2=" " tag="300"><subfield code="a">89P</subfield></datafield><datafield ind1=" " ind2=" " tag="852"><subfield code="a">49657</subfield><subfield code="c">539.12</subfield></datafield><datafield ind1=" " ind2=" " tag="CAT"><subfield code="a">Sys</subfield><subfield code="c">20111208</subfield><subfield code="h">123228</subfield></datafield></record></collection>